<?xml version="1.0" encoding="UTF-8"?><collection xmlns="http://www.loc.gov/MARC21/slim"><record><leader>00563nam--2200181-u-4500</leader><controlfield tag="001">000054232</controlfield><controlfield tag="002">20161230</controlfield><controlfield tag="005">20161230201051</controlfield><controlfield tag="008">110919s1000------------r-----000-0-ger-d</controlfield><datafield ind1=" " ind2=" " tag="040"><subfield code="a">IFIN-HH</subfield></datafield><datafield ind1=" " ind2=" " tag="041"><subfield code="a">ger</subfield></datafield><datafield ind1=" " ind2=" " tag="080"><subfield code="a">537.611.43/.44(043)</subfield></datafield><datafield ind1="1" ind2=" " tag="100"><subfield code="a">Meyer, Rudolf</subfield></datafield><datafield ind1="1" ind2="0" tag="245"><subfield code="a">Untersuchung der phasenumwandlung ferromagnetismus-paramagnetismus in amorphen legierungen des types fe80-xnixp20-yby</subfield><subfield code="b">Disseration</subfield><subfield code="c">Rudolf meyer</subfield></datafield><datafield ind1=" " ind2=" " tag="260"><subfield code="a">Stuttgart</subfield><subfield code="b">Institut Fur Physik</subfield><subfield code="c">1983</subfield></datafield><datafield ind1=" " ind2=" " tag="300"><subfield code="a">119P</subfield></datafield><datafield ind1=" " ind2=" " tag="852"><subfield code="a">71701</subfield><subfield code="c">538.221</subfield></datafield><datafield ind1=" " ind2=" " tag="CAT"><subfield code="a">Sys</subfield><subfield code="c">20110919</subfield><subfield code="h">132401</subfield></datafield></record></collection>